@MISC{1,
	author = { },
	title = {{Hadoop: }\url{http://hadoop.apache.org}},
}

@MISC{2,
	author = { },
	title = {{Spark: }\url{http://spark.apache.org}},
}

@MISC{3,
	author = { },
	title = {{YARN: }\url{http://hadoop.apache.org/docs/current/hadoop-yarn/hadoop-yarn-site/YARN.html}},
}

@MISC{4,
	author = { },
	title = {{Storm: }\url{http://storm.apache.org}},
}

@MISC{MPI,
  author    = { },
  title     = {{Open MPI: }\url{https://en.wikipedia.org/wiki/Open_MPI}},
}


@MISC{Greenplum,
  author    = { },
  title     = {{Greenplum:  }\url{http://greenplum.org/}},
}



@MISC{SlidingWindow,
 author = {},
 title = {{Sliding Window Protocol: }\url{https://en.wikipedia.org/wiki/Sliding_window_protocol}},
}

@MISC{S4,
  author    = { },
  title     = {{Yahoo S4: }\url{http://incubator.apache.org/s4/}},
}

@MISC{Impala,
  author    = { },
  title     = {{Cloudera Impala: }\url{https://www.cloudera.com/products/apache-hadoop/impala.html}},
}

@MISC{Spark_Streaming,
  author    = { },
  title     = {{Spark Streaming: }\url{https://www.cloudera.com/products/apache-hadoop/impala.html}},
}

@MISC{Zookeeper,
  author    = { },
  title     = {{Apache Zookeeper: }\url{https://zookeeper.apache.org/}},
}


@MISC{Activeeon,
  author    = { },
  title     = {{Activeeon: }\url{http://www.activeeon.com/}},
}




@MISC{ProActive,
  author    = {},
  title     = {{ProActive: }\url{http://proactive.activeeon.com/}},
}


@MISC{MapReduce,
  author    = { },
  title     = {{MapReduce:  }\url{https://en.wikipedia.org/wiki/MapReduce}},
}


